@book{wickham2014advanced,
  title={Advanced r},
  author={Wickham, Hadley},
  year={2014},
  publisher={Chapman and Hall/CRC}
}

@article{eddelbuettel2011rcpp,
  title={Rcpp: Seamless R and C++ integration},
  author={Eddelbuettel, Dirk and Fran{\c{c}}ois, Romain and Allaire, J and Ushey, Kevin and Kou, Qiang and Russel, N and Chambers, John and Bates, D},
  journal={Journal of Statistical Software},
  volume={40},
  number={8},
  pages={1--18},
  year={2011}
}

@book{eddelbuettel2013seamless,
  title={Seamless R and C++ integration with Rcpp},
  author={Eddelbuettel, Dirk},
  year={2013},
  publisher={Springer}
}

@incollection{eddelbuettel2013rinside,
  title={RInside},
  author={Eddelbuettel, Dirk},
  booktitle={Seamless R and C++ Integration with Rcpp},
  pages={127--137},
  year={2013},
  publisher={Springer}
}

@article{eddelbuettel2014rcpparmadillo,
  title={RcppArmadillo: Accelerating R with high-performance C++ linear algebra},
  author={Eddelbuettel, Dirk and Sanderson, Conrad},
  journal={Computational Statistics \& Data Analysis},
  volume={71},
  pages={1054--1063},
  year={2014},
  publisher={Elsevier}
}

@article{bates2013fast,
  title={Fast and elegant numerical linear algebra using the RcppEigen package},
  author={Bates, Douglas and Eddelbuettel, Dirk and others},
  journal={Journal of Statistical Software},
  volume={52},
  number={5},
  pages={1--24},
  year={2013}
}

@article{eddelbuettel2018extending,
  title={Extending R with C++: A Brief Introduction to Rcpp},
  author={Eddelbuettel, Dirk and Balamuta, James Joseph},
  journal={The American Statistician},
  volume={72},
  number={1},
  pages={28--36},
  year={2018},
  publisher={Taylor \& Francis}
}

@inproceedings{morandat2012evaluating,
  title={Evaluating the design of the R language},
  author={Morandat, Flor{\'e}al and Hill, Brandon and Osvald, Leo and Vitek, Jan},
  booktitle={European Conference on Object-Oriented Programming},
  pages={104--131},
  year={2012},
  organization={Springer}
}

@misc{RcppDoc,
  author = {Eddelbuettel, Dirk},
  title = {{Rcpp Documentation}},
  howpublished = "\url{http://dirk.eddelbuettel.com/code/rcpp/html/index.html}",
  note = "[Online; accessed 22 June 2019]"
}